/Users/jheppler/acad/bib/master.bib