/Users/jheppler/Writing/bib/master.bib